@Book{koulutHuippua,
  author =       {Pekka Kupari and Jouni Välijärvi and Leif Andersson and Inga Arffman and Kari Nissinen and Eija Puhakka and Jouni Vettenranta},
  title =        {Pisa 2012 ensituloksia},
  publisher =    {Opetus- ja kulttuuriministeriö},
  year =         2013,
  doi =          {ISBN 978-952-263-241-8},
  url =          {http://www.minedu.fi/export/sites/default/OPM/Julkaisut/2013/liitteet/okm20.pdf?lang=fi/},
  urldate =      {2014-07-26}
}

@Book{palkatonTyo,
  author =       {Mikko Kähkönen},
  title =        {Inhimillistä toimintaa? - Opettajan työviihtyvyys},
subtitle =     {Tutkimus perusopetuksessa toimivien opettajien työviihtyvyydestä},
  publisher =    {Hämeenlinnan opettajakoulutuslaitos},
  year =         2005,
%  doi =          {ISBN 978-952-263-241-8},
  url =          {http://tampub.uta.fi/handle/10024/92900},
  urldate =      {2014-08-04}
}

@Book{oppilaidenKuormitus,
  author =       {Katariina Kämppi and Raili Välimaa and Kristiina Ojala and Jorma Tynjälä and Ilona Haapasalo and Jari Villberg and Lasse Kannas},
  title =        {KOULUKOKEMUSTEN KANSAINVÄLISTÄ VERTAILUA 2010 SEKÄ MUUTOKSET SUOMESSA JA POHJOISMAISSA 1994–2010 – WHO-KOULULAISTUTKIMUS},
subtitle =     {Koulutuksen seurantaraportit 2012:8},
  publisher =    {Hämeenlinnan opettajakoulutuslaitos},
  year =         2012,
  doi =          {ISBN 978-952-13-5245-4},
  url =         {http://www.oph.fi/download/142520\_Koulukokemusten\_kansainvalista\_vertailua\_2010\_seka\_muutokset\_Suomessa\_ja\_Pohjoismaissa\_1994-2010\_WHO-Koululaistutkimus\_HBSC-Study\_.pdf},
  urldate =  {2014-08-11}
}

@Book{vakivalta,
  author =       {Noora Ellonen and Juha Kääriäinen and Venla Salmi and Heikki Sariola},
  title =        {Lasten ja nuorten väkivaltakokemukset},
subtitle =     {Tutkimus peruskoulun 6. ja 9. luokan oppilaiden kokemasta väkivallasta},
  publisher =    {Poliisiammattikorkeakoulun raportteja 71/2008, Oikeuspoliittisen tutkimuslaitoksen tutkimustiedonantoja 87},
  year =         2008,
  doi =          {ISBN 978-951-815-150-3},
  url =     {http://www.poliisi.fi/poliisi/poliisioppilaitos/home.nsf/files/lapsiuhritutkimus\_raportti/\$file/lapsiuhritutkimus\_raportti.pdf},
  urldate =      {2014-08-11}
}

@Book{kouluViihtyvyys,
  author =       {Päivi Harinen and Juha Halme},
  title =        {HYVÄ, PAHA KOULU},
subtitle =     {Kouluhyvinvointia hakemassa},
  publisher =    {Suomen UNICEF Nuorisotutkimusverkosto/Nuorisotutkimusseura, verkkojulkaisuja 56},
  year =         2012,
  doi =          {ISBN 978-952-5994-24-7},
  url =     {http://www.nuorisotutkimusseura.fi/julkaisuja/Hyva\_paha\_koulu.pdf},
  urldate =      {2014-08-11}
}

@Online{innovaatio,
  author =       {businessdictionary.com},
  title =        {Innovation},
  publisher =    {businessdictionary.com},
  url =     {http://www.businessdictionary.com/definition/innovation.html},
  urldate =      {2014-08-12}
}

@Book{koulunArki,
  author =       {Marja Kankaanranta},
  title =        {Opetusteknologia koulun arjessa},
% subtitle =     {Kouluhyvinvointia hakemassa},
  publisher =    {Jyväskylän yliopisto, Koulutuksentutkimuslaitos},
  year =         2011,
  doi =          {ISBN 978-951-39-4198-7},
  url =     {http://ktl.jyu.fi/img/portal/19717/D094\_netti.pdf},
  urldate =      {2014-08-12}
}

@Book{sites,
  author =       {Marja Kankaanranta and Eija Puhakka},
  title =        {Kohti innovatiivista tietotekniikan opetuskäyttöä},
 subtitle =     {Kansainvälisen Sites 2006-tutkimuksen tuloksia},
  publisher =    {Jyväskylän yliopisto, Koulutuksentutkimuslaitos},
  year =         2008,
  doi =          {ISBN 978-951-39-3439-2},
  url =     {http://ktl.jyu.fi/img/portal/13816/SITES-julkaisu.pdf?cs=1228198530},
  urldate =      {2014-08-12}
}

@Book{flipped,
  author =       {Bill Tucker},
  title =        {The Flipped Classroom},
 %subtitle =     {Online instruction at home frees class time for learning},
  publisher =    {Education next},
  year =         2012,
 % doi =          {ISBN 978-951-39-3439-2},
  url =     {http://educationnext.org/files/ednext\_20121\_BTucker.pdf},
  urldate =      {2014-08-19}
}

@Online{maot,
  author =       {maot.fi},
  title =        {Ajatus kaiken taustalla},
  publisher =    {maot.fi},
  url =     {http://maot.fi/oppimisymparisto/oppimisympariston-perusidea/},
  urldate =      {2014-08-22}
}

@Online{peleja,
  author =       {hyvatkaytannot.oph.fi},
  title =        {ePelipaja – oppilaat tekevät oppimispelejä},
  publisher =    {Opetushallitus},
  url =     {https://hyvatkaytannot.oph.fi/kaytanto/1664/?q=e1f35a48c49942671f060aa99238d01d},
  urldate =      {2014-08-22}
}

@Online{hyvatkaytannot,
  author =       {hyvatkaytannot.oph.fi},
  title =        {ePelipaja – oppilaat tekevät oppimispelejä},
  publisher =    {Opetushallitus},
  url =     {https://hyvatkaytannot.oph.fi},
  urldate =      {2014-08-22}
}

@Book{skrolliRobot,
  author =       {Tomi Pieviläinen},
  title =        {Ohjelmoitavan Legon historiaa},
 %subtitle =     {Online instruction at home frees class time for learning},
  publisher =    {Alternative Party ry},
  year =         2013,
  doi =          {ISSN 2323-900X},
  url =     {http://www.skrolli.fi/2013.2.web.pdf},
  urldate =      {2014-08-22}
}

@Online{korppirobo,
  author =       {Jouko Strömmer},
  title =        {TIEA343 Robottiohjelmointi, 3 op, Robot programming with NXT robots},
  publisher =    {Korppi},
  url =     {https://korppi.jyu.fi/kotka/course/student/generalCourseInfo.jsp?course=111801},
  urldate =      {2014-08-22}
}

@Online{hesarobo,
  author =       {Jarmo Lahti},
  title =        {Helsingin yliopistossa opiskellaan tietotekniikkaa Legoilla},
  publisher =    {digitoday.fi},
  url =     {http://www.digitoday.fi/tyo-ja-ura/2009/05/08/helsingin-yliopistossa-opiskellaan-tietotekniikkaa-legoilla/200911694/66},
  urldate =      {2014-08-22}
}


@Book{KanadanMalli,
  author =       {Riitta Korkeakivi},
  title =        {Erinomaisesta huipuksi},
 %subtitle =     {Online instruction at home frees class time for learning},
  publisher =    {Opettaja-lehti},
  year =         2013,
  doi =          {ISSN 1458-4395},
  url =     {http://www.opettaja.fi/cs/Satellite?c=Page\&pagename=OpettajaLehti%2FPage%2Fjuttusivu\&cid=1351276519632\&juttuID=1355755429769},
  urldate =      {2014-08-23}
}

@Book{gamepaper,
  author =       {Riitta Korkeakivi},
  title =        {Learning by Design},
  subtitle =     {Good Video Games as Learning Machines },
 publisher =    {University of Wisconsin-Madison},
 % year =         2013,
%  doi =          {ISSN 1458-4395},
  url =     {http://www.academiccolab.org/resources/documents/Game%20Paper.pdf},
  urldate =      {2014-08-23}
}


